<?xml version="1.0" encoding="UTF-8"?><collection xmlns="http://www.loc.gov/MARC21/slim"><record><leader>00550nam--2200181-i-4500</leader><controlfield tag="001">000036828</controlfield><controlfield tag="002">20161230</controlfield><controlfield tag="005">20161230201041</controlfield><controlfield tag="008">060222s1000------------r-----000-0-eng-d</controlfield><datafield ind1=" " ind2=" " tag="040"><subfield code="a">IFIN-HH</subfield></datafield><datafield ind1=" " ind2=" " tag="080"><subfield code="a">539.12.162.8(047.3)</subfield></datafield><datafield ind1="1" ind2=" " tag="100"><subfield code="a">Poggio, Enrico C</subfield></datafield><datafield ind1="1" ind2="0" tag="245"><subfield code="a">Are there quasi-stable hadrons countaing super-heavy quarks?</subfield><subfield code="c">Enrico c. poggio, howard j. schnitzer</subfield></datafield><datafield ind1=" " ind2=" " tag="260"><subfield code="a">Waltham, Massachusetts</subfield><subfield code="b">Department Of Physics</subfield><subfield code="c">1976</subfield></datafield><datafield ind1=" " ind2=" " tag="300"><subfield code="a">12P</subfield></datafield><datafield ind1="1" ind2=" " tag="700"><subfield code="a">Schnitzer, Howard J</subfield></datafield><datafield ind1=" " ind2=" " tag="852"><subfield code="a">43907</subfield><subfield code="c">539.12</subfield></datafield><datafield ind1=" " ind2=" " tag="CAT"><subfield code="a">Sys</subfield><subfield code="c">20111124</subfield><subfield code="h">162858</subfield></datafield></record></collection>